@Manual{monticore17:manual,
	title = {"MontiCore 5 Language Workbench"},
	author = {Bernhard Rumpe, Katrin HÃ¶lldobler},
	organization = {RWTH Aachen University, Software Engineering Group},
	edition = {2017},
	year = {2017},
}
